@article{DLKC202405001,
author = {魏小淤 and 吴蓓婷 and 张君俊},
title = {基于混合整数线性规划的新能源电解水制氢项目容量配置优化建模},
journal = {电力勘测设计},
volume = {},
number = {05},
pages = {1-4},
year = {2024},
issn = {1671-9913},
doi = {10.13500/j.dlkcsj.issn1671-9913.2024.05.001}
}    


@article{DGWZ202507094,
author = {张科 and 尹聪聪 and 张雨前},
title = {基于遗传算法优化的电力网络线损率降低策略},
journal = {电气技术与经济},
volume = {},
number = {07},
pages = {321-324},
year = {2025},
issn = {2096-4978},
}    


@article{JLGX202405002,
author = {  董吉哲 and     曹建设 and 周睿延},
title = {数学规划中COPT与Gurobi求解器的对比分析},
journal = {长春工业大学学报},
volume = {45},
number = {05},
pages = {392-397+481},
year = {2024},
issn = {1674-1374},
doi = {10.15923/j.cnki.cn22-1382/t.2024.5.02}
}    


@mastersthesis{1022646313.nh,
author = {万海涛},
 title = {基于CBC求解器的机组组合问题自主可控的混合整数线性规划算法研究},
school = {广西大学},
year = {2022}
}    


@article{YCGL202408011,
author = {周愉峰 and 胡欢庆 and 陈良勇},
title = {不确定环境下采血点定位-资源配置集成决策的鲁棒优化},
journal = {运筹与管理},
volume = {33},
number = {08},
pages = {72-78},
year = {2024},
issn = {1007-3221},
}    


@article{QLJV202403012,
author = {  鹿纯彬 and     邢天阳 and     朱小良 and 胥建群},
title = {基于改进多种群遗传算法的核电热力系统参数优化},
journal = {汽轮机技术},
volume = {66},
number = {03},
pages = {212-216},
year = {2024},
issn = {1001-5884},
}    


@mastersthesis{1024787004.nh,
author = {钟靖瑶},
 title = {基于蒙特卡罗模拟的物流企业数据资产价值评估研究},
school = {广西科技大学},
year = {2024}
}    


@article{SDCY202202002,
author = {  赵霞 and     时雨 and 王佳琪},
title = {网络视角下基于夏普比率的投资组合策略},
journal = {山东财经大学学报},
volume = {34},
number = {02},
pages = {17-26},
year = {2022},
issn = {2095-929X},
}    


@article{SYCG202521003,
author = {  黄宏 and 张花桥},
title = {基于微观经济学的企业投资策略优化研究},
journal = {商业观察},
volume = {11},
number = {21},
pages = {24-27},
year = {2025},
issn = {2096-0808},
}    


@article{GZZP202402041,
author = {罗晓燕},
title = {农作物种植管理中循环农业的探索研究},
journal = {耕作与栽培},
volume = {44},
number = {02},
pages = {140-143},
year = {2024},
issn = {1008-2239},
doi = {10.13605/j.cnki.52-1065/s.2024.02.033}
}    
